@article{1000-Genomes-Project-Consortium:2010qc,
	author = {{1000 Genomes Project Consortium}},
	journal = {Nature},
	pages = {1061-73},
	title = {A map of human genome variation from population-scale sequencing},
	volume = {467},
	year = {2010}}

@article{Mallick:2016aa,
	author = {Mallick, Swapan and Li, Heng and Lipson, Mark and Mathieson, Iain and Gymrek, Melissa and others},
	journal = {Nature},
	pages = {201-206},
	title = {{The Simons Genome Diversity Project}: 300 genomes from 142 diverse populations},
	volume = {538},
	year = {2016}}

@article{Karimzadeh:2018aa,
	author = {Karimzadeh, Mehran and Ernst, Carl and Kundaje, Anshul and Hoffman, Michael M},
	journal = {Nucleic Acids Res},
	pages = {e120},
	title = {Umap and Bismap: quantifying genome and methylome mappability},
	volume = {46},
	year = {2018}}

@article{Amemiya:2019aa,
	author = {Amemiya, Haley M and Kundaje, Anshul and Boyle, Alan P},
	journal = {Sci Rep},
	pages = {9354},
	title = {{The ENCODE Blacklist}: Identification of Problematic Regions of the Genome},
	volume = {9},
	year = {2019}}

@article{Mandelker:2016aa,
	author = {Mandelker, Diana and Schmidt, Ryan J and Ankala, Arunkanth and McDonald Gibson, Kristin and Bowser, Mark and others},
	journal = {Genet Med},
	pages = {1282-1289},
	title = {Navigating highly homologous genes in a molecular diagnostic setting: a resource for clinical next-generation sequencing},
	volume = {18},
	year = {2016}}

@article{Dwarshuis:2024aa,
	author = {Dwarshuis, Nathan and Kalra, Divya and McDaniel, Jennifer and Sanio, Philippe and Alvarez Jerez, Pilar and others},
	journal = {Nat Commun},
	pages = {9029},
	title = {The {GIAB} genomic stratifications resource for human reference genomes},
	volume = {15},
	year = {2024}}

@article{Marco-Sola:2012kx,
	author = {Marco-Sola, Santiago and Sammeth, Michael and Guig{\'o}, Roderic and Ribeca, Paolo},
	journal = {Nat Methods},
	pages = {1185-8},
	title = {The {GEM} mapper: fast, accurate and versatile alignment by filtration},
	volume = {9},
	year = {2012}}

@article{Pockrandt:2020aa,
	author = {Pockrandt, Christopher and Alzamel, Mai and Iliopoulos, Costas S and Reinert, Knut},
	journal = {Bioinformatics},
	pages = {3687-3692},
	title = {{GenMap}: ultra-fast computation of genome mappability},
	volume = {36},
	year = {2020}}

@article{Aganezov:2022aa,
	author = {Aganezov, Sergey and Yan, Stephanie M and Soto, Daniela C and Kirsche, Melanie and Zarate, Samantha and others},
	journal = {Science},
	pages = {eabl3533},
	title = {A complete reference genome improves analysis of human genetic variation},
	volume = {376},
	year = {2022}}

@article{Nurk:2022up,
	author = {Nurk, Sergey and Koren, Sergey and Rhie, Arang and Rautiainen, Mikko and Bzikadze, Andrey V and others},
	journal = {Science},
	pages = {44-53},
	title = {The complete sequence of a human genome},
	volume = {376},
	year = {2022}}

@article{Depristo:2011vn,
	author = {Depristo, Mark A and Banks, Eric and Poplin, Ryan and Garimella, Kiran V and Maguire, Jared R and others},
	journal = {Nat Genet},
	pages = {491-8},
	title = {A framework for variation discovery and genotyping using next-generation {DNA} sequencing data},
	volume = {43},
	year = {2011}}

@article{Poplin:2018ab,
	author = {Poplin, Ryan and Chang, Pi-Chuan and Alexander, David and Schwartz, Scott and Colthurst, Thomas and others},
	journal = {Nat Biotechnol},
	pages = {983-987},
	title = {A universal {SNP} and small-indel variant caller using deep neural networks},
	volume = {36},
	year = {2018}}

@article{Cooke:2021ab,
	author = {Cooke, Daniel P and Wedge, David C and Lunter, Gerton},
	journal = {Nat Biotechnol},
	pages = {885-892},
	title = {A unified haplotype-based method for accurate and comprehensive variant calling},
	volume = {39},
	year = {2021}}

@article{Kim:2018aa,
	author = {Kim, Sangtae and Scheffler, Konrad and Halpern, Aaron L and Bekritsky, Mitchell A and Noh, Eunho and K{\"a}llberg, Morten and others},
	journal = {Nat Methods},
	pages = {591-594},
	title = {Strelka2: fast and accurate calling of germline and somatic variants},
	volume = {15},
	year = {2018}}

@article{Li:2018aa,
	author = {Li, Heng and Bloom, Jonathan M and Farjoun, Yossi and Fleharty, Mark and Gauthier, Laura and others},
	journal = {Nat Methods},
	pages = {595-597},
	title = {A synthetic-diploid benchmark for accurate variant-calling evaluation},
	volume = {15},
	year = {2018}}

@article{Zook:2014ab,
	author = {Zook, Justin M and Chapman, Brad and Wang, Jason and Mittelman, David and Hofmann, Oliver and others},
	journal = {Nat Biotechnol},
	pages = {246-51},
	title = {Integrating human sequence data sets provides a resource of benchmark SNP and indel genotype calls},
	volume = {32},
	year = {2014}}

@article{Olson:2022aa,
	author = {Olson, Nathan D and Wagner, Justin and McDaniel, Jennifer and Stephens, Sarah H and Westreich, Samuel T and others},
	journal = {Cell Genom},
	pages = {100129},
	title = {{PrecisionFDA} Truth Challenge V2: Calling variants from short and long reads in difficult-to-map regions},
	volume = {2},
	year = {2022}}

@article{Li:2024ac,
	author = {Li, Heng},
	journal = {Bioinformatics},
	pages = {btae717},
	title = {{BWT} construction and search at the terabase scale},
	volume = {40},
	year = {2024}}

@article{Li:2014aa,
	author = {Li, Heng},
	journal = {Bioinformatics},
	pages = {2843-2851},
	title = {Toward better understanding of artifacts in variant calling from high-coverage samples},
	volume = {30},
	year = {2014}}

@article{Morgulis:2006aa,
	author = {Morgulis, Aleksandr and Gertz, E Michael and Sch{\"a}ffer, Alejandro A and Agarwala, Richa},
	journal = {J Comput Biol},
	pages = {1028-40},
	title = {A fast and symmetric {DUST} implementation to mask low-complexity {DNA} sequences},
	volume = {13},
	year = {2006}}

@article{Benjamini:2012aa,
	author = {Benjamini, Yuval and Speed, Terence P},
	journal = {Nucleic Acids Res},
	pages = {e72},
	title = {Summarizing and correcting the {GC} content bias in high-throughput sequencing},
	volume = {40},
	year = {2012}}

@article{Rautiainen:2023ab,
	author = {Rautiainen, Mikko and Nurk, Sergey and Walenz, Brian P and Logsdon, Glennis A and Porubsky, David and others},
	journal = {Nat Biotechnol},
	pages = {1474-1482},
	title = {Telomere-to-telomere assembly of diploid chromosomes with Verkko},
	volume = {41},
	year = {2023}}

@article{Baid2020.12.11.422022,
	author = {Baid, Gunjan and Nattestad, Maria and Kolesnikov, Alexey and Goel, Sidharth and Yang, Howard and Chang, Pi-Chuan and Carroll, Andrew},
	journal = {bioRxiv},
	title = {An Extensive Sequence Dataset of Gold-Standard Samples for Benchmarking and Development},
	year = {2020}}

@article{Cleary023754,
	author = {Cleary, John G. and Braithwaite, Ross and Gaastra, Kurt and Hilbush, Brian S. and Inglis, Stuart and others},
	journal = {bioRxiv},
	title = {Comparing Variant Call Files for Performance Benchmarking of Next-Generation Sequencing Variant Calling Pipelines},
	year = {2015}}

@article{Liao:2023aa,
	author = {Liao, Wen-Wei and Asri, Mobin and Ebler, Jana and Doerr, Daniel and Haukness, Marina and others},
	journal = {Nature},
	pages = {312-324},
	title = {A draft human pangenome reference},
	volume = {617},
	year = {2023}}

@article{Pan:2022aa,
	author = {Pan, Bohu and Ren, Luyao and Onuchic, Vitor and Guan, Meijian and Kusko, Rebecca and others},
	journal = {Genome Biol},
	pages = {2},
	title = {Assessing reproducibility of inherited variants detected with short-read whole genome sequencing},
	volume = {23},
	year = {2022}}
